@misc{DOEExplainsRadioactivity,
  title = {DOE Explains...Radioactivity},
  howpublished = {\url{https://www.energy.gov/science/doe-explainsradioactivity}},
  note = {Accessed: 2024-06-25}
}

@misc{itdb_factsheet_2024,
  title = {IAEA Incident and Trafficking Database (ITDB)2024 Factsheet},
  howpublished = {\url{https://www.iaea.org/sites/default/files/24/05/itdb_factsheet_2024.pdf}},
  note = {Accessed: 2024-06-25}
}

